@book{penguin,
  title     = {The Penguin Book of Card Games},
  author    = {David Parlett},
  isbn      = {0141037873},
  year      = {2008},
  publisher = {Penguin Publishing}
}
@book{bonnet,
  title       = {The Complexity of Playing Durak},
  author      = {Ã‰douard Bonnet},
  issn        = {1045-0823},
  year        = {2016},
  publication = {IJCAI International Joint Conference on Artificial Intelligence},
  pages       = {109-115},
  url         = {https://www.ijcai.org/Proceedings/16/Papers/023.pdf}
}