@book{penguin,
  title     = {The Penguin Book of Card Games},
  author    = {David Parlett},
  isbn      = {0141037873},
  year      = {2008},
  publisher = {Penguin Publishing}
}
@inproceedings{bonnet,
  title     = {The Complexity of Playing Durak},
  author    = {Édouard Bonnet},
  year      = {2016},
  booktitle = {IJCAI International Joint Conference on Artificial Intelligence},
  pages     = {109-115}
}
@article{alphazero,
  author  = {David Silver and Thomas Hubert and Julian Schrittwieser and Ioannis Antonoglou and Matthew Lai and Arthur Guez and Marc Lanctot and Laurent Sifre and Dharshan Kumaran and Thore Graepel and Timothy Lillicrap and Karen Simonyan and Demis Hassabis},
  title   = {Mastering Chess and Shogi by Self-Play with a General Reinforcement Learning Algorithm},
  year    = {2017},
  journal = {n/a}
}
@misc{durakMonteCarlo,
  author    = {Elizabeth Lipin and Brian J Tang and Stephenie Worthy},
  editor    = {none},
  month     = {1},
  title     = {Durak, Don’t Be the Fool: A Monte Carlo Tree Search Approach},
  year      = {2023},
  publisher = {ACM}
}
@misc{azamat,
  author    = {Azamat Zarlykov},
  editor    = {none},
  month     = {3},
  title     = {Artificial Intelligence for the Card Game Durak},
  year      = {2023},
  publisher = {Charles University}
}

@article{brown2018,
  author  = {Noam Brown and Tuomas Sandholm},
  doi     = {10.1126/science.aao1733},
  issn    = {0036-8075},
  issue   = {6374},
  journal = {Science},
  month   = {1},
  pages   = {418-424},
  title   = {Superhuman AI for heads-up no-limit poker: Libratus beats top professionals},
  volume  = {359},
  year    = {2018}
}
@inproceedings{luckhart,
  title     = {An Algorithmic Solution of N-Person Games},
  author    = {Carol Luckhart and Keki B. Irani},
  booktitle = {AAAI Conference on Artificial Intelligence},
  year      = {1986},
  pages     = {158-162}
}
@inproceedings{shannon,
  title     = {Programming a computer for playing chess},
  author    = {Claude E. Shannon},
  year      = {1950},
  pages     = {256-275},
  booktitle = {Philosophical Magazine}
}
@misc{hstack,
  author    = {Commercial Haskell SIG},
  editor    = {Open Source},
  title     = {The Haskell Tool Stack},
  note      = {Accessed: 2024-05-01},
  year      = {2024},
  publisher = {https://docs.haskellstack.org/en/stable/}
}
@article{fisheryates,
  author  = {Manuel Eberl},
  title   = {Fisher–Yates shuffle},
  journal = {Archive of Formal Proofs},
  month   = {September},
  year    = {2016},
  issn    = {2150-914x}
}